This file was created with JabRef 1.6.
Encoding: ISO-8859-1


@article {FLD:FLD1417,
author = {Murillo, J. and García-Navarro, P. and Burguete, J. and Brufau, P.},
title = {The influence of source terms on stability, accuracy and conservation in two-dimensional shallow flow simulation using triangular finite volumes},
journal = {International Journal for Numerical Methods in Fluids},
volume = {54},
number = {5},
publisher = {John Wiley & Sons, Ltd.},
issn = {1097-0363},
url = {http://dx.doi.org/10.1002/fld.1417},
doi = {10.1002/fld.1417},
pages = {543--590},
keywords = {source terms, stability condition, wetting/drying, MUSCL-Hancock, unstructured grids, two-dimensional hydraulic model},
year = {2007},
}


@ARTICLE{jmurillo1,
	title = {Weak solutions for partial differential equations with source terms: Application to the shallow water equations},
	author = {Javier Murillo and Pilar Garcia-Navarro},
	journal = {JOURNAL OF COMPUTATIONAL PHYSICS   Volume: 229   Issue: 11   Pages: 4327-4368},
	year = {2010},
}


@BOOK{pigar1,
	title={Volúmenes finitos para ecuaciones hiperbólicas},
	author={Pilar García-Navarro and Pilar Brufau and Javier Murillo and Javier Burguete},
	year={2009},
	}

@BOOK{Health97,
  author = {Michael T. Health},
  title = {Scientific Computing},
  publisher = {McGraw Hill},
  year = {1997},
}

@article{Flynn:1996:PA:234313.234345,
 author = {Flynn, Michael J. and Rudd, Kevin W.},
 title = {Parallel architectures},
 journal = {ACM Comput. Surv.},
 volume = {28},
 issue = {1},
 month = {March},
 year = {1996},
 issn = {0360-0300},
 pages = {67--70},
 acmid = {234345},
 publisher = {ACM},
 address = {New York, NY, USA},
} 


@article{Karp:1990:MPP:78607.78614,
 author = {Karp, Alan H. and Flatt, Horace P.},
 title = {Measuring parallel processor performance},
 journal = {Commun. ACM},
 volume = {33},
 issue = {5},
 month = {May},
 year = {1990},
 issn = {0001-0782},
 pages = {539--543},
 numpages = {5},
 url = {http://doi.acm.org/10.1145/78607.78614},
 doi = {http://doi.acm.org/10.1145/78607.78614},
 acmid = {78614},
 publisher = {ACM},
 address = {New York, NY, USA},
 keywords = {parallel performance},
} 

@inproceedings{Amdahl:1967:VSP:1465482.1465560,
 author = {Amdahl, Gene M.},
 title = {Validity of the single processor approach to achieving large scale computing capabilities},
 booktitle = {Proceedings of the April 18-20, 1967, spring joint computer conference},
 series = {AFIPS '67 (Spring)},
 year = {1967},
 location = {Atlantic City, New Jersey},
 pages = {483--485},
 numpages = {3},
 url = {http://doi.acm.org/10.1145/1465482.1465560},
 doi = {http://doi.acm.org/10.1145/1465482.1465560},
 acmid = {1465560},
 publisher = {ACM},
 address = {New York, NY, USA},
} 

@article{Gustafson:1988:RAL:42411.42415,
 author = {Gustafson, John L.},
 title = {Reevaluating Amdahl's law},
 journal = {Commun. ACM},
 volume = {31},
 issue = {5},
 month = {May},
 year = {1988},
 issn = {0001-0782},
 pages = {532--533},
 numpages = {2},
 url = {http://doi.acm.org/10.1145/42411.42415},
 doi = {http://doi.acm.org/10.1145/42411.42415},
 acmid = {42415},
 publisher = {ACM},
 address = {New York, NY, USA},
} 

@ARTICLE{Mueler98,
	author = {Silvia M Mueller, Wolgwang J Paul},
	title = {On the correctness of hardware scheduling mechanisms for out-of-order execution},
	journal = {Journal of Circuits, systems and Computers, Volume 8, No. 2},
	year={1998},
}

@ARTICLE{80148, 
author={Helmbold, D.P. and McDowell, C.E.}, 
journal={Parallel and Distributed Systems, IEEE Transactions on}, title={Modelling speedup (n) greater than n}, 
year={1990}, 
month=apr, 
volume={1}, 
number={2}, 
pages={250 -256}, 
keywords={parallel computation;speedups;superlinearity;superunity;parallel algorithms;parallel machines;parallel programming;performance evaluation;programming theory;}, 
doi={10.1109/71.80148}, 
ISSN={1045-9219},}

@book{Chapman:2007:UOP:1370966,
 author = {Chapman, Barbara and Jost, Gabriele and Pas, Ruud van der},
 title = {Using OpenMP: Portable Shared Memory Parallel Programming (Scientific and Engineering Computation)},
 year = {2007},
 isbn = {0262533022, 9780262533027},
 publisher = {The MIT Press},
} 

@book{Gropp:1999:UMA:555150,
 author = {Gropp, William and Thakur, Rajeev and Lusk, Ewing},
 title = {Using MPI-2: Advanced Features of the Message Passing Interface},
 year = {1999},
 isbn = {026257134X},
 edition = {2nd},
 publisher = {MIT Press},
 address = {Cambridge, MA, USA},
} 


@ARTICLE{Moore1965,
  author = {Gordon E. Moore},
  title = {Cramming more components onto integrated circuits},
  journal = {Electronics, Volume 38, Number 8},
  year = {1965},
  month = {April},
  url = {http://download.intel.com/research/silicon/moorespaper.pdf},
}
@INPROCEEDINGS{Moore2003,
  author = {Gordon E. Moore},
  title = {No exponential is forever},
  organization = {International Solid State Circuits Conference},
  year = {2003},
  month = {February},
  url = {http://download.intel.com/research/silicon/Gordon_Moore_ISSCC_021003.pdf},
}
@ARTICLE{Orlandini03,
  author = {Stefano Orlandini, Giovani Moretti and Marco Franchini},
  title = {Path-methods for the determination of nondispersive drainage directions in grid-based digital elevation models},
  journal = {Water Resources Research, VOL. 39, NO. 6, 1144},
  year = {2003},
  month = {June},
}
